<record><leader>00000cas a2200000 a 4500</leader><controlfield tag="001">122481206</controlfield><controlfield tag="006">m     o  d        </controlfield><controlfield tag="007">cr unu||||||||</controlfield><controlfield tag="008">070405d17731777pauwr neo     0    0eng c</controlfield><datafield ind1=" " ind2=" " tag="010"><subfield code="a">  2010252552</subfield></datafield><datafield ind1=" " ind2=" " tag="040"><subfield code="a">AMHNW</subfield><subfield code="b">eng</subfield><subfield code="c">AMHNW</subfield><subfield code="d">AMHNW</subfield><subfield code="d">CUD</subfield><subfield code="d">WAU</subfield><subfield code="d">OCLCQ</subfield><subfield code="d">OCLCO</subfield><subfield code="d">OCLCA</subfield><subfield code="d">OCLCF</subfield><subfield code="d">OCLCO</subfield></datafield><datafield ind1="1" ind2=" " tag="029"><subfield code="a">AU@</subfield><subfield code="b">000045721030</subfield></datafield><datafield ind1="1" ind2=" " tag="029"><subfield code="a">NZ1</subfield><subfield code="b">14646126</subfield></datafield><datafield ind1="1" ind2=" " tag="029"><subfield code="a">NZ1</subfield><subfield code="b">15641035</subfield></datafield><datafield ind1=" " ind2=" " tag="042"><subfield code="a">pcc</subfield></datafield><datafield ind1=" " ind2=" " tag="043"><subfield code="a">n-us-pa</subfield></datafield><datafield ind1="1" ind2="4" tag="050"><subfield code="a">AP2.A2</subfield></datafield><datafield ind1="0" ind2=" " tag="130"><subfield code="a">Dunlap's Pennsylvania packet, or, The general advertiser (Online)</subfield></datafield><datafield ind1="1" ind2="0" tag="245"><subfield code="a">Dunlap's Pennsylvania packet, or, The general advertiser</subfield><subfield code="h">[electronic resource].</subfield></datafield><datafield ind1="3" ind2="0" tag="246"><subfield code="a">Dunlap's Pennsylvania packet</subfield></datafield><datafield ind1="3" ind2="0" tag="246"><subfield code="a">General advertiser</subfield></datafield><datafield ind1="3" ind2="0" tag="246"><subfield code="a">Pennsylvania packet</subfield></datafield><datafield ind1=" " ind2=" " tag="260"><subfield code="a">Philadelphia, Pa. :</subfield><subfield code="b">J. Dunlap,</subfield><subfield code="c">1773-1777.</subfield></datafield><datafield ind1=" " ind2=" " tag="310"><subfield code="a">Weekly</subfield></datafield><datafield ind1="1" ind2=" " tag="362"><subfield code="a">Print began with vol. 3, no. 105 (Oct. 25, 1773); ceased with v. 6, no. 304 (Sept. 9, 1777).</subfield></datafield><datafield ind1="4" ind2=" " tag="510"><subfield code="a">Brigham, C.S. Amer. newspapers</subfield><subfield code="c">p. 942</subfield></datafield><datafield ind1=" " ind2=" " tag="515"><subfield code="a">Suspended Nov. 26-Dec. 18, 1776.</subfield></datafield><datafield ind1=" " ind2=" " tag="525"><subfield code="a">Supplements titled: Postscript to the Pennsylvania packet, accompany some issues.</subfield></datafield><datafield ind1=" " ind2=" " tag="530"><subfield code="a">Also issued in print and microform.</subfield></datafield><datafield ind1=" " ind2=" " tag="588"><subfield code="a">Description based on print version record.</subfield></datafield><datafield ind1=" " ind2="0" tag="651"><subfield code="a">Philadelphia (Pa.)</subfield><subfield code="v">Newspapers.</subfield></datafield><datafield ind1=" " ind2="0" tag="651"><subfield code="a">Philadelphia County (Pa.)</subfield><subfield code="v">Newspapers.</subfield></datafield><datafield ind1=" " ind2="7" tag="655"><subfield code="a">Newspapers.</subfield><subfield code="2">fast</subfield><subfield code="0">(OCoLC)fst01423814</subfield></datafield><datafield ind1=" " ind2="7" tag="651"><subfield code="a">Pennsylvania</subfield><subfield code="z">Philadelphia.</subfield><subfield code="2">fast</subfield><subfield code="0">(OCoLC)fst01204170</subfield></datafield><datafield ind1=" " ind2="7" tag="651"><subfield code="a">Pennsylvania</subfield><subfield code="z">Philadelphia County.</subfield><subfield code="2">fast</subfield><subfield code="0">(OCoLC)fst01217128</subfield></datafield><datafield ind1=" " ind2=" " tag="752"><subfield code="a">United States</subfield><subfield code="b">Pennsylvania</subfield><subfield code="c">Philadelphia</subfield><subfield code="d">Philadelphia.</subfield></datafield><datafield ind1="1" ind2=" " tag="776"><subfield code="t">Dunlap's Pennsylvania packet, or, The general advertiser</subfield><subfield code="w">(DLC)sn 83021126</subfield><subfield code="w">(OCoLC)9833137</subfield></datafield><datafield ind1="0" ind2="0" tag="780"><subfield code="t">Pennsylvania packet, and the general advertiser (Online)</subfield><subfield code="w">(OCoLC)122480822</subfield></datafield><datafield ind1="0" ind2="0" tag="785"><subfield code="t">Pennsylvania packet, or, The general advertiser (Online)</subfield><subfield code="w">(OCoLC)122481543</subfield></datafield><datafield ind1="4" ind2="0" tag="856"><subfield code="u">http://infoweb.newsbank.com/?db=EANX&amp;s_browseRef=decades/10CEB9BDCC081400/all.xml</subfield></datafield></record>